@misc{Gossiaux,
    author = "Pol-Bernard Gossiaux",
    title = "Introduction à la méthode des éléments finis",
    year = "2025",
    note = "UV Outils du Numérique, DEMIN* - IMT Atlantique"
}